
%%%%%%%%%%%%%%%%%%%%%%%%%%%
%
% $Autor: Adhiraj, Sudheshna, Srikant $
% $Reviewed by: Adhiraj Walse$
%
%%%%%%%%%%%%%%%%%%%%%%%%%%%


% BibTeX Entries


%%%%%%%%%%%%%%%%%%%%%%%%%%%%%%%%%%%%%%
%  A
%%%%%%%%%%%%%%%%%%%%%%%%%%%%%%%%%%%%%%

@article{Annaki:2024,
  author    = {Ihababdelbasset Annaki and Mohammed Rahmoune and Mohammed Bourhaleb},
  title     = {Overview of Data Augmentation Techniques in Time Series Analysis},
  journal   = {International Journal of Advanced Computer Science and Applications},
  volume    = {15},
  number    = {1},
  pages     = {1201--1211},
  year      = {2024},
  month     = {February},
  doi       = {10.14569/IJACSA.2024.01501118},
  keywords  = {time series, data augmentation, machine learning, deep learning, synthetic data generation, GANs, VAEs}
}



%%%%%%%%%%%%%%%%%%%%%%%%%%%%%%%%%%%%%%
%  B
%%%%%%%%%%%%%%%%%%%%%%%%%%%%%%%%%%%%%%

@article{Basakin:2023,
  author    = {Eyyup Ensar Başakın and Ömer Ekmekcioğlu and Mehmet Özger},
  title     = {Developing a Novel Approach for Missing Data Imputation of Solar Radiation: A Hybrid Differential Evolution Algorithm Based eXtreme Gradient Boosting Model},
  journal   = {Energy Conversion and Management},
  year      = {2023},
  volume    = {280},
  pages     = {116780},
  doi       = {10.1016/j.enconman.2023.116780},
  url       = {https://doi.org/10.1016/j.enconman.2023.116780},
  keywords  = {missing data, solar radiation, imputation, machine learning, XGBoost, Differential Evolution, hybrid model}
}

@article{bhandigani:2024,
  author={Bhandigani, Madhura and Pattan, Akram and Carpitella, Silvia},
  journal={Applied Sciences},
  month={5},
  number={10},
  pages={4246},
  title={{Strategic Roadmap for Adopting Data-Driven Proactive Measures in Solar Logistics}},
  volume={14},
  year={2024},
  doi={10.3390/app14104246},
  url={https://www.mdpi.com/2076-3417/14/10/4246},
  keywords={solar logistics, data-driven, proactive measures, strategic roadmap, energy}
}

@book{boutahir:2023,
  author={Boutahir, Mohamed Khalifa and Farhaoui, Yousef and Azrour, Mourade},
  booktitle={Lecture Notes in Networks and Systems},
  month={1},
  pages={794--799},
  title={{Towards an effective anomaly detection in solar power plants using the AE-LSTM-GA approach}},
  year={2023},
  doi={10.1007/978-3-031-26254-8_115},
  url={https://doi.org/10.1007/978-3-031-26254-8_115}, 
  keywords={anomaly detection, solar power plants, AE-LSTM-GA, machine learning, energy}
}


@book{Box:2016,
  author       = {George E. P. Box and Gwilym M. Jenkins and Gregory C. Reinsel and Greta M. Ljung},
  title        = {Time Series Analysis: Forecasting and Control},
  year         = {2016},
  publisher    = {John Wiley \& Sons, Inc.},
  address      = {Hoboken, New Jersey},
  edition      = {Fifth Edition},
  note         = {Copyright 2016 by John Wiley \& Sons, Inc. All rights reserved},
  series       = {Wiley Series in Probability and Statistics},
  url          = {https://www.wiley.com/en-us/Time+Series+Analysis\%3A+Forecasting+and+Control\%2C+5th+Edition-p-9781119304144},
  keywords     = {time series analysis, forecasting, statistical methods, data analysis}
}

@book{Brockwell:2016,
  author       = {Peter J. Brockwell and Richard A. Davis},
  title        = {Introduction to Time Series and Forecasting},
  year         = {2016},
  publisher    = {Springer},
  address      = {New York},
  edition      = {Third Edition},
  series       = {Springer Texts in Statistics},
  url          = {https://www.springer.com/gp/book/9783319298528},
  keywords     = {time series, forecasting, statistical methods, data analysis, predictive modeling}
}


%%%%%%%%%%%%%%%%%%%%%%%%%%%%%%%%%%%%%%
%  C
%%%%%%%%%%%%%%%%%%%%%%%%%%%%%%%%%%%%%%

@book{Chapman:2000,
  title       = {CRISP-DM 1.0: Step-by-step Data Mining Guide},
  author      = {Chapman, P.},
  url         = {https://books.google.de/books?id=po7FtgAACAAJ},
  year        = {2000},
  publisher   = {SPSS},
  keywords    = {CRISP-DM, Data Mining, Process Model, Data Mining Methodology}
}

@online{Chavan:2023,
  author      = {Anuj Chavan},
  title       = {Autoregressive Integrated Moving Average (ARIMA): A Comprehensive Guide to Advanced Time Series Forecasting},
  year        = {2023},
  url         = {https://medium.com/@anuj_chavan/autoregressive-integrated-moving-average-arima-a-comprehensive-guide-to-advanced-time-series-ae9071edac70},
  keywords    = {ARIMA, Time series forecasting, Autoregressive Integrated Moving Average, Advanced time series analysis}
}

@misc{Charlton:2012,
  author      = {Charlton, M. and Caimo, A.},
  title       = {Technical Report on Time Series},
  year        = {2012},
  howpublished= {ESPoN m4d, NCG},
  url         = {https://database.espon.eu/private-media/object/1827/20120630_TR_Time_Series.pdf?ts=1715293449.9333594},
  keywords    = {Time series, Time Series Analysis, ARIMA, Technical report, ESPoN m4d, NCG}
}

@book{Martin:2017,
  author      = {Robert C. Martin},
  title       = {Clean Architecture: A Craftsman's Guide to Software Structure and Design},
  year        = {2017},
  publisher   = {Pearson Education},
  isbn        = {9780134494333},
  keywords    = {Software Architecture, Software Design, Clean Code},
  url         = {https://www.pearson.de/clean-architecture-a-craftsmans-guide-to-software-structure-and-design-9780134494333}
}


%%%%%%%%%%%%%%%%%%%%%%%%%%%%%%%%%%%%%%
%  D
%%%%%%%%%%%%%%%%%%%%%%%%%%%%%%%%%%%%%%


@misc{DatabaseCamp:2023,
  author       = {DatabaseCamp},
  title        = {Comprehensive Guide to ARIMA Models in Time Series Analysis},
  year         = {2023},
  howpublished = {DatabaseCamp Statistics Portal},
  url          = {https://databasecamp.de/en/statistics/arima-en},
  keywords     = {ARIMA, Time Series Analysis, Forecasting, Statistical Models, DatabaseCamp},
  note         = {\textcolor{blue}{\href{https://databasecamp.de/en/statistics/arima-en}{[Link]}}},
}

@online{DataOverload:2023,
  author      = {Data Overload},
  title       = {Understanding ARIMA Models: A Comprehensive Guide to Time Series Forecasting},
  year        = {2023},
  url         = {https://medium.com/@data-overload/understanding-arima-models-a-comprehensive-guide-to-time-series-forecasting-dfc7207f2406},
  keywords    = {ARIMA, Time series forecasting, Autoregressive Integrated Moving Average, Data science, Finance, Python, Econometrics, Sports analytics},
}



%%%%%%%%%%%%%%%%%%%%%%%%%%%%%%%%%%%%%%
%  E
%%%%%%%%%%%%%%%%%%%%%%%%%%%%%%%%%%%%%%

@article{el-amarty:2022,
  author={El-Amarty, Naima and Marzouq, Manal and Fadili, Hakim El and Bennani, Saad Dosse and Ruano, Antonio},
  journal={Environmental Science and Pollution Research International},
  month={11},
  number={3},
  pages={5407--5439},
  title={{A comprehensive review of solar irradiation estimation and forecasting using artificial neural networks: data, models and trends}},
  volume={30},
  year={2022},
  doi={10.1007/s11356-022-24240-w},
  url={https://doi.org/10.1007/s11356-022-24240-w}, 
  keywords={solar irradiation, estimation, forecasting, neural networks, data, models, trends}
}

@misc{ENTSOE:2024a,
  author      = {ENTSO-E},
  title       = {Total Load - ENTSO-E},
  year        = {2024},
  keywords    = {ENTSO-E, Total Load, Data, Solar Energy, Energy, CET, UTC, Time Series Data},
  note        = {\href{https://transparency.entsoe.eu/load-domain/r2/totalLoadR2showname=&defaultValue=false&viewType=TABLE&areaType=CTY&atch=false&dateTime.dateTime=26.03.2024+00:00|CET|DAY&biddingZone.values=CTY|10Y1001A1001A83F!CTY|10Y1001A1001A83F&dateTime.timezone=CET_CEST&dateTime.timezone_input=CET+(UTC+1)+/+CEST+(UTC+2)}{[Link]}},
  url         = {https://transparency.entsoe.eu/load-domain/r2/totalLoadR2/show?name=&defaultValue=false&viewType=TABLE&areaType=CTY&atch=false&dateTime.dateTime=26.03.2024+00:00|CET|DAY&biddingZone.values=CTY|10Y1001A1001A83F!CTY|10Y1001A1001A83F&dateTime.timezone=CET_CEST&dateTime.timezone_input=CET+(UTC+1)+/+CEST+(UTC+2)},
}

@misc{ENTSOE:2024b,
  author      = {ENTSO-E},
  title       = {ENTSO-E Member Companies},
  year        = {2024},
  keywords    = {ENTSO-E, Transmission System Operators, TSOs, Electricity Market, Grid Access, Infrastructure, Security of Supply},
  note        = {\href{https://www.entsoe.eu/about/inside-entsoe/members/}{[Link]}},
  url         = {https://www.entsoe.eu/about/inside-entsoe/members/},
}

@misc{ENTSOE:2024c,
  author      = {ENTSO-E},
  title       = {Power Statistics - ENTSO-E},
  year        = {2024},
  keywords    = {ENTSO-E, Power Statistics, Historical Data, Electricity Market, Transparency Platform, Statistical Reports},
  note        = {\href{https://www.entsoe.eu/data/power-stats/}{[Link]}},
  url         = {https://www.entsoe.eu/data/power-stats/},
}



%%%%%%%%%%%%%%%%%%%%%%%%%%%%%%%%%%%%%%
%  F
%%%%%%%%%%%%%%%%%%%%%%%%%%%%%%%%%%%%%%

@book{Fowler:2018,
  author      = {Martin Fowler},
  title       = {Refactoring: Improving the Design of Existing Code},
  year        = {2018},
  publisher   = {Pearson Education},
  isbn        = {9780134757599},
  keywords    = {Refactoring, Code Quality, Software Engineering},
  url         = {https://www.pearson.de/refactoring-improving-the-design-of-existing-code-9780134757599},
}


%%%%%%%%%%%%%%%%%%%%%%%%%%%%%%%%%%%%%%
%  G
%%%%%%%%%%%%%%%%%%%%%%%%%%%%%%%%%%%%%%

@misc{GeeksforGeeks:2017,
  author       = {GeeksforGeeks},
  title        = {Introduction to NumPy},
  howpublished = {GeeksforGeeks},
  month        = {January},
  year         = {2017},
  url          = {https://www.geeksforgeeks.org/introduction-to-numpy/},
  note         = {Visited on April 30, 2024},
  keywords     = {NumPy, Python, Introduction, Tutorial, Array creation and manipulation, Mathematic functions, Linear algebra, Random number},
}

@book{Gamma:1994,
  author      = {Erich Gamma and Richard Helm and Ralph Johnson and John Vlissides},
  title       = {Design Patterns: Elements of Reusable Object-Oriented Software},
  year        = {1994},
  publisher   = {Pearson Education},
  isbn        = {9780201633610},
  keywords    = {Design Patterns, Object-Oriented Design, Software Engineering},
  url         = {https://www.pearson.de/design-patterns-elements-of-reusable-object-oriented-software-9780201633610},
}



%%%%%%%%%%%%%%%%%%%%%%%%%%%%%%%%%%%%%%
%  H
%%%%%%%%%%%%%%%%%%%%%%%%%%%%%%%%%%%%%%

@online{Harris:2023,
  author       = {Harris, S.},
  title        = {Inertial guidance: a brief history and overview},
  organization = {Advanced Navigation},
  month        = {January},
  year         = {2023},
  url          = {https://www.advancednavigation.com/tech-articles/inertial-guidance-a-brief-history-and-overview/},
  note         = {Visited on April 30, 2024},
  keywords     = {Inertial guidance, Navigation, History, Technology},
}

@book{Hyndman:2018,
  author       = {Hyndman, Rob J. and Athanasopoulos, George},
  title        = {Forecasting: Principles and Practice},
  edition      = {2nd},
  publisher    = {OTexts},
  address      = {Melbourne, Australia},
  year         = {2018},
  url          = {https://robjhyndman.com/uwafiles/fpp-notes.pdf},
  keywords     = {Forecasting, Time series analysis, ARIMA, Exponential smoothing},
  note         = {PDF available at \url{https://robjhyndman.com/uwafiles/fpp-notes.pdf}},
}



%%%%%%%%%%%%%%%%%%%%%%%%%%%%%%%%%%%%%%
%  I
%%%%%%%%%%%%%%%%%%%%%%%%%%%%%%%%%%%%%%

@online{IBM:2021,
  author       = {{IBM}},
  title        = {Analytics Life Cycle},
  year         = {2021},
  url          = {https://www.ibm.com/docs/en/spss-modeler/saas?topic=dm-crisp-help-overview},
  note         = {Accessed: 2024-05-19},
  keywords     = {Data Science, Analytics, Life Cycle, CRISP-DM},
}

@article{Iglesias2023,
  author    = {Guillermo Iglesias and Edgar Talavera and {\'A}ngel Gonz{\'a}lez-Prieto and Alberto Mozo and Sandra G{\'o}mez-Canaval},
  title     = {Data Augmentation techniques in time series domain: a survey and taxonomy},
  journal   = {Neural Computing and Applications},
  volume    = {35},
  pages     = {10123--10145},
  year      = {2023},
  month     = {March},
  doi       = {10.1007/s00521-023-08459-3},
  keywords  = {deep learning, time series, data augmentation, generative models},
}



%%%%%%%%%%%%%%%%%%%%%%%%%%%%%%%%%%%%%%
%  J
%%%%%%%%%%%%%%%%%%%%%%%%%%%%%%%%%%%%%%



%%%%%%%%%%%%%%%%%%%%%%%%%%%%%%%%%%%%%%
%  K
%%%%%%%%%%%%%%%%%%%%%%%%%%%%%%%%%%%%%%

@misc{kdsolanki:2024,
  author={Kd-Solanki},
  title={{GitHub - Kd-Solanki/Forecasting_Solar_Power_Plant's_Power_Generation: Revolutionize energy forecasting with our Solar Power Plant Data Science project. Harnessing advanced algorithms and real-time data analysis, we predict power generation, optimizing efficiency. Empowering sustainable energy planning with accurate insights for a brighter, greener future.}},
  url={https://github.com/Kd-Solanki/Forecasting_Solar_Power_Plant-s_Power_Generation/blob/main/},
  keywords={solar power, energy forecasting, data science, algorithms, real-time analysis, GitHub}
}

@article{Kim:2022,
  author       = {Eun Gyeong Kim and M. Shaheer Akhtar and O-Bong Yang},
  title        = {Designing solar power generation output forecasting methods using time series algorithms},
  journal      = {Electric Power Systems Research},
  year         = {2022},
  doi          = {10.1016/j.epsr.2022.109073},
  url          = {https://doi.org/10.1016/j.epsr.2022.109073},
  keywords     = {solar power, forecasting, time series, algorithms, energy generation, PV power, LSTM, machine learning, deep learning},
}

@article{Kim:2019,
  author       = {Taeyoung Kim and Woong Ko and Jinho Kim},
  title        = {Analysis and Impact Evaluation of Missing Data Imputation in Day-ahead PV Generation Forecasting},
  journal      = {Applied Sciences},
  year         = {2019},
  volume       = {9},
  number       = {1},
  pages        = {204},
  doi          = {10.3390/app9010204},
  url          = {https://doi.org/10.3390/app9010204},
  keywords     = {PV forecasting, missing data imputation, support vector regression, linear interpolation, mode imputation, k-nearest neighbors, multivariate imputation by chained equations},
}



%%%%%%%%%%%%%%%%%%%%%%%%%%%%%%%%%%%%%%
%  L
%%%%%%%%%%%%%%%%%%%%%%%%%%%%%%%%%%%%%%

@article{Lee:2022,
  author    = {Kangbok Lee and Yeasung Jeong and Sunghoon Joo and Yeo Song Yoon and Sumin Han and Hyeoncheol Baik},
  title     = {Outliers in Financial Time Series Data: Outliers, Margin Debt, and Economic Recession},
  journal   = {Machine Learning with Applications},
  volume    = {10},
  pages     = {100420},
  year      = {2022},
  doi       = {10.1016/j.mlwa.2022.100420},
  keywords  = {outliers, time series data, decomposition methods, ensemble models, machine learning, margin debt, economic recession}
}


%%%%%%%%%%%%%%%%%%%%%%%%%%%%%%%%%%%%%%
%  M
%%%%%%%%%%%%%%%%%%%%%%%%%%%%%%%%%%%%%%

@inproceedings{Mardiyanto:2017,
  author       = {Mardiyanto, R. and others},
  title        = {Development of hand gesture recognition sensor based on accelerometer and gyroscope for controlling arm of underwater remotely operated robot},
  booktitle    = {2017 International Seminar on Intelligent Technology and Its Applications (ISITIA)},
  organization = {IEEE},
  year         = {2017},
  pages        = {329--333},
  note         = {Visited on April 30, 2024},
  keywords     = {hand gesture recognition, sensor, accelerometer, gyroscope, underwater robotics, remotely operated robot}
}

@article{McKinney:2011,
  author    = {McKinney, W. and others},
  title     = {pandas: a foundational Python library for data analysis and statistics},
  journal   = {Python for High Performance and Scientific Computing},
  volume    = {14},
  number    = {9},
  year      = {2011},
  keywords  = {pandas, Python, data analysis, statistics, library}
}

@book{McKinney:2012,
  author    = {McKinney, W.},
  title     = {Python for Data Analysis: Data Wrangling with Pandas, NumPy, and IPython},
  publisher = {O'Reilly Media, Inc.},
  year      = {2012},
  keywords  = {Python, Data Analysis, Pandas, NumPy, IPython}
}

@misc{McKinney:2015,
  author       = {McKinney, W. and others},
  title        = {Pandas, Python Data Analysis Library},
  year         = {2015},
  howpublished = {URL \url{http://pandas.pydata.org}},
  pages        = {3--15},
  keywords     = {Pandas, Python, Data Analysis, Library}
}

@article{Mohamad:2021,
  author    = {Noor Bariah Binti Mohamad and Boon Han Lim and An-Chow Lai},
  title     = {Imputation of Missing Values for Solar Irradiance Data under Different Weathers using Univariate Methods},
  journal   = {IOP Conference Series: Earth and Environmental Science},
  year      = {2021},
  volume    = {721},
  number    = {1},
  pages     = {012004},
  doi       = {10.1088/1755-1315/721/1/012004},
  url       = {https://doi.org/10.1088/1755-1315/721/1/012004},
  keywords  = {missing data, solar irradiance, imputation methods, Bezier curve, Stineman interpolation, linear interpolation, spline interpolation}
}


%%%%%%%%%%%%%%%%%%%%%%%%%%%%%%%%%%%%%%
%  N
%%%%%%%%%%%%%%%%%%%%%%%%%%%%%%%%%%%%%%

@article{neumann:2023,
  author={Neumann, Oliver and Turowski, Marian and Mikut, Ralf and Hagenmeyer, Veit and Ludwig, Nicole},
  journal={Energy Informatics},
  month={11},
  number={1},
  title={{Using weather data in energy time series forecasting: the benefit of input data transformations}},
  volume={6},
  year={2023},
  doi={10.1186/s42162-023-00299-8},
  url={https://doi.org/10.1186/s42162-023-00299-8}, 
  keywords={weather data, energy forecasting, time series, data transformation, machine learning}
}

@online{NIST:2024a,
  author       = {NIST},
  title        = {Engineering Statistics Handbook},
  year         = {2024},
  url          = {https://www.itl.nist.gov/div898/handbook/pmc/section4/pmc445.htm},
  note         = {Accessed on April 30, 2024},
  keywords     = {Box-Jenkins Models, Time Series Analysis, Statistical Models, Engineering Statistics},
}

@online{NIST:2024b,
  author       = {NIST},
  title        = {Engineering Statistics Handbook},
  year         = {2024},
  url          = {https://www.itl.nist.gov/div898/handbook/pmc/section4/pmc446.htm},
  note         = {Accessed on April 30, 2024},
  keywords     = {Box-Jenkins Model Identification, Time Series Analysis, Statistical Models, Engineering Statistics},
}

@online{NIST:2024c,
  author       = {NIST},
  title        = {Engineering Statistics Handbook},
  year         = {2024},
  url          = {https://www.itl.nist.gov/div898/handbook/pmc/section4/pmc447.htm},
  note         = {Accessed on April 30, 2024},
  keywords     = {Box-Jenkins Model Estimation, Time Series Analysis, Statistical Models, Engineering Statistics},
}

@online{NIST:2024d,
  author       = {NIST},
  title        = {Engineering Statistics Handbook},
  year         = {2024},
  url          = {https://www.itl.nist.gov/div898/handbook/pmc/section4/pmc448.htm},
  note         = {Accessed on April 30, 2024},
  keywords     = {Box-Jenkins Model Diagnostics, Time Series Analysis, Statistical Models, Engineering Statistics},
}

@misc{NumPy:2024,
  author       = {{NumPy}},
  title        = {NumPy: the absolute basics for beginners},
  year         = {2024},
  howpublished = {NumPy v1.26 Manual},
  month        = {February},
  url          = {https://numpy.org/doc/stable/user/absolute_beginners.html},
  note         = {Visited on April 30, 2024},
  keywords     = {NumPy, Python, Beginners, Documentation, Adding, Removing, Indexing, Slicing, Array, Install}
}


%%%%%%%%%%%%%%%%%%%%%%%%%%%%%%%%%%%%%%
%  O
%%%%%%%%%%%%%%%%%%%%%%%%%%%%%%%%%%%%%%

@misc{OpenPowerSystemData:2020a,
  author    = {Open Power System Data},
  title     = {Data Package Time Series},
  year      = {2020},
  keywords  = {Open Power System Data, Time Series Data, Energy, Transparency, Solar Energy, Data},
  note      = {\href{https://doi.org/10.25832/time_series/2020-10-06}{[Link]}},
  url       = {https://data.open-power-system-data.org/time_series/2020-10-06},
}

@misc{OpenPowerSystemData:2020b,
  author    = {Open Power System Data},
  title     = {Time Series Data Package - Main Notebook},
  year      = {2020},
  keywords  = {Open Power System Data, Jupyter Notebooks, GitHub, Data Package, Time Series, Electricity Data},
  note      = {\href{https://nbviewer.org/github/Open-Power-System-Data/datapackage_timeseries/blob/2020-10-06/main.ipynb}{[Link]}},
  url       = {https://nbviewer.org/github/Open-Power-System-Data/datapackage_timeseries/blob/2020-10-06/main.ipynb},
}

@misc{OpenPowerSystemData:2020c,
  author    = {Open Power System Data},
  title     = {Time Series Data Package - Processing Notebook},
  year      = {2020},
  keywords  = {Open Power System Data, Data Processing, Time Series, Electricity Data},
  note      = {\href{https://nbviewer.org/github/Open-Power-System-Data/datapackage_timeseries/blob/2020-10-06/processing.ipynb}{[Link]}},
  url       = {https://nbviewer.org/github/Open-Power-System-Data/datapackage_timeseries/blob/2020-10-06/processing.ipynb},
}

@misc{OpenPowerSystemData:2020d,
  author       = {Open Power System Data},
  title        = {Time Series Data Package README},
  year         = {2020},
  keywords     = {Open Power System Data, Time Series, Electricity Data, README},
  note         = {\href{https://data.open-power-system-data.org/time_series/2020-10-06/README.md}{[Link]}},
  url          = {https://data.open-power-system-data.org/time_series/2020-10-06/README.md},
  howpublished = {\url{https://data.open-power-system-data.org/time_series/2020-10-06/README.md}},
  urldate      = {2024-05-19}
}

@misc{OpenPowerSystemData:2020e,
  author       = {Open Power System Data},
  title        = {Time Series Data Package JSON},
  year         = {2020},
  keywords     = {Open Power System Data, Time Series, Electricity Data, Metadata},
  note         = {\href{https://data.open-power-system-data.org/time_series/2020-10-06/datapackage.json}{[Link]}},
  url          = {https://data.open-power-system-data.org/time_series/2020-10-06/datapackage.json},
  howpublished = {\url{https://data.open-power-system-data.org/time_series/2020-10-06/datapackage.json}},
  urldate      = {2024-05-19}
}

@book{Ousterhout:2018,
  author       = {John Ousterhout},
  title        = {A Philosophy of Software Design},
  year         = {2018},
  publisher    = {Yaknyam Press},
  keywords     = {Software design, Complexity management, System efficiency, Modularity, Scalability, Clean code, Prioritized code, Information hiding, Iterative design, Comments in code, Software development, Programming principles},
  address      = {Palo Alto, CA},
  edition      = {First Edition (v1.01)},
  note         = {\textcolor{blue}{\href{../Documents/book/PhilosphyOfSoftwareDesign.pdf}{[pdf]}} \textcolor{blue}{\url{http://https://milkov.tech/assets/psd.pdf} [Link] }},
  isbn         = {978-1-7321022-0-0},
}

%%%%%%%%%%%%%%%%%%%%%%%%%%%%%%%%%%%%%%
%  P
%%%%%%%%%%%%%%%%%%%%%%%%%%%%%%%%%%%%%%
@misc{PyCharm:2021,
  month={6},
  title={{PyCharm: the Python IDE for data science and web development}},
  year={2021},
  url={https://www.jetbrains.com/pycharm/},
  keywords={PyCharm, Python IDE, data science, web development, software}
}



%%%%%%%%%%%%%%%%%%%%%%%%%%%%%%%%%%%%%%
%  Q
%%%%%%%%%%%%%%%%%%%%%%%%%%%%%%%%%%%%%%



%%%%%%%%%%%%%%%%%%%%%%%%%%%%%%%%%%%%%%
%  R
%%%%%%%%%%%%%%%%%%%%%%%%%%%%%%%%%%%%%%

@article{Rahkmawati2019,
  title     = {Evaluation of Accuracy in Identification of ARIMA Models Based on Model Selection Criteria for Inflation Forecasting with the TSClust Approach},
  author    = {Yeni Rahkmawati and I Made Sumertajaya and Muhammad Nur Aidi},
  journal   = {International Journal of Scientific and Research Publications},
  volume    = {9},
  number    = {9},
  pages     = {9355},
  year      = {2019},
  doi       = {10.29322/IJSRP.9.09.2019.p9355},
  keywords  = {ARIMA model, model selection criteria, inflation forecasting, TSClust, AIC, BIC, MAPE, RMSE}
}

@online{Raj:2019,
  author       = {Raj, A.},
  title        = {Arduino Nano 33 BLE Sense Review - What’s New and How to Get Started?},
  organization = {Circuit Digest},
  year         = {2019},
  url          = {https://circuitdigest.com/microcontroller-projects/arduino-nano-33-ble-sense-board-review-and-getting-started-guide},
  note         = {Visited on April 30, 2024},
  keywords     = {Arduino, Nano 33 BLE Sense, Review, Getting Started, Microcontroller, Circuit, Guide, Integration, Scipy, Matplotlib, pandas, scikit-learn}
}



%%%%%%%%%%%%%%%%%%%%%%%%%%%%%%%%%%%%%%
%  S
%%%%%%%%%%%%%%%%%%%%%%%%%%%%%%%%%%%%%%

@inproceedings{Saltz:2016,
  author    = {J. S. Saltz and I. Shamshurin},
  title     = {Big data team process methodologies: A literature review and the identification of key factors for a project's success},
  booktitle = {2016 IEEE International Conference on Big Data (Big Data)},
  year      = {2016},
  pages     = {2872-2879},
  doi       = {10.1109/BigData.2016.7840936},
  url       = {https://doi.ieeecomputersociety.org/10.1109/BigData.2016.7840936},
  publisher = {IEEE Computer Society},
  keywords  = {Process Methodologies, Big Data, Data Science Projects}
}

@inproceedings{Saltz:2017,
  title     = {50th Hawaii International Conference on System Sciences, HICSS 2017, Hilton Waikoloa Village, Hawaii, USA, January 4-7, 2017},
  year      = {2017},
  url       = {http://aisel.aisnet.org/hicss-50/},
  booktitle = {50th Hawaii International Conference on System Sciences, HICSS 2017, Hilton Waikoloa Village, Hawaii, USA, January 4-7, 2017},
  publisher = {AIS Electronic Library (AISeL)},
  keywords  = {CRISP-DM, Agile, Data Science Projects, Methodologies}
}

@inproceedings{Saltz:2018,
  title     = {Exploring Project Management Methodologies Used Within Data Science Teams},
  author    = {Jeff Saltz and Nicholas Hotz and David Wild and Kyle Stirling},
  year      = {2018},
  url       = {https://aisel.aisnet.org/amcis2018/ITProjMgmt/Presentations/12},
  booktitle = {24th Americas Conference on Information Systems, AMCIS 2018, New Orleans, LA, USA, August 16-18, 2018},
  publisher = {Association for Information Systems},
  isbn      = {978-0-9966831-6-6},
  keywords  = {Process Models, Data Science Teams, Adoption, Methodologies}
}

@book{Sewak:2018,
  author    = {Sewak, M. and Karim, M. R. and Pujari, P.},
  title     = {Practical Convolutional Neural Networks: Implement Advanced Deep Learning Models Using Python},
  publisher = {Packt Publishing Ltd},
  year      = {2018},
  isbn      = {9781788392303},
  note      = {Accessed on April 30, 2024},
  keywords  = {Convolutional Neural Networks, Deep Learning, Python, Implementation}
}

@book{Shumway:2017,
  author    = {Robert H. Shumway and David S. Stoffer},
  title     = {Time Series Analysis and Its Applications: With R Examples},
  year      = {2017},
  publisher = {Springer},
  address   = {New York},
  edition   = {Fourth Edition},
  keywords  = {time series, statistical analysis, R programming, forecasting, data science},
  series    = {Springer Texts in Statistics},
  url       = {https://www.springer.com/gp/book/9783319524511},
}

@article{Schmidl:2022,
  author    = {Sebastian Schmidl and Phillip Wenig and Thorsten Papenbrock},
  title     = {Anomaly Detection in Time Series: A Comprehensive Evaluation},
  journal   = {Proceedings of the VLDB Endowment},
  volume    = {15},
  number    = {9},
  pages     = {1779--1797},
  year      = {2022},
  doi       = {10.14778/3538598.3538602},
  keywords  = {anomaly detection, time series, machine learning, evaluation, data analysis}
}

@article{singla:2021,
  author={Singla, Pardeep and Duhan, Manoj and Saroha, Sumit},
  journal={Frontiers in Energy},
  month={3},
  number={2},
  pages={187--223},
  title={{A comprehensive review and analysis of solar forecasting techniques}},
  volume={16},
  year={2021},
  doi={10.1007/s11708-021-0722-7},
  url={https://doi.org/10.1007/s11708-021-0722-7}, 
  keywords={solar forecasting, techniques, review, analysis, energy, machine learning}
}
  
@online{Stanford:2024,
  author       = {Stanford University},
  title        = {John Ousterhout - Stanford Profiles},
  year         = {2024},
  keywords     = {John Ousterhout, Stanford Profiles, Computer Science, Biography, Stanford University},
  url          = {https://profiles.stanford.edu/john-ousterhout?tab=bio},
  organization = {Stanford University},
  note         = {\textcolor{blue}{\href{../Documents/websites/JohnOusterhoutStanfordProfile.pdf}{[pdf]}} \textcolor{blue}{\url{https://profiles.stanford.edu/john-ousterhout?tab=bio} [Link] }},
}



%%%%%%%%%%%%%%%%%%%%%%%%%%%%%%%%%%%%%%
%  T
%%%%%%%%%%%%%%%%%%%%%%%%%%%%%%%%%%%%%%

@misc{ThirdSpaceLearning:2024,
  author = {{Third Space Learning}},
  title  = {Understanding Time Series Graphs},
  year   = {2024},
  url    = {https://thirdspacelearning.com/gcse-maths/statistics/time-series-graph/},
  note   = {Visited on April 30, 2024},
  keywords = {Time Series Graphs, Statistics, Education, Data Visualization}
}

@misc{Timeseries_Dat:2020,
  month={10},
  title={{Data Platform – Open Power System data}},
  year={2020},
  url={https://data.open-power-system-data.org/time_series/2020-10-06},
  keywords={Open Power System, time series, data platform, energy data, solar energy}
}

@misc{Tropin:2023,
  author    = {Aleksandr Tropin},
  title     = {DE\_solar\_generation},
  month     = {April},
  year      = {2023},
  keywords  = {Renewable Energy, Solar Generation, Energy Data, GitHub, Time series, Data Analysis, ARIMA, Time series analysis},
  note      = {\href{https://github.com/am-tropin/renewable-energy-europe/blob/main/DE_solar_generation.ipynb}{[Link]}},
  url       = {https://github.com/am-tropin/renewable-energy-europe/blob/main/DE_solar_generation.ipynb},
}



%%%%%%%%%%%%%%%%%%%%%%%%%%%%%%%%%%%%%%
%  V
%%%%%%%%%%%%%%%%%%%%%%%%%%%%%%%%%%%%%%

@article{Velicer:2005,
  author    = {Wayne F. Velicer and Suzanne M. Colby},
  title     = {A Comparison of Missing-Data Procedures for Arima Time-Series Analysis},
  journal   = {Educational and Psychological Measurement},
  year      = {2005},
  volume    = {65},
  number    = {4},
  pages     = {596-615},
  doi       = {10.1177/0013164404272502},
  url       = {https://doi.org/10.1177/0013164404272502},
  keywords  = {missing data, time-series analysis, ARIMA, maximum likelihood estimation, mean substitution, deletion, mean of adjacent observations}
}

@inproceedings{Victor:2024,
  author    = {Alexander Okhuese Victor and Muhammad Intizar Ali},
  title     = {Enhancing Time Series Data Predictions: A Survey of Augmentation Techniques and Model Performances},
  booktitle = {Proceedings of the 2024 Australasian Computer Science Week},
  series    = {ACSW 2024},
  year      = {2024},
  month     = {January},
  location  = {Sydney, NSW, Australia},
  doi       = {10.1145/3641142.3641143},
  publisher = {ACM},
  address   = {New York, NY, USA},
  keywords  = {time series, data augmentation, machine learning, deep learning, climate prediction, ARIMA, LSTM, WaveNet}
}

%%%%%%%%%%%%%%%%%%%%%%%%%%%%%%%%%%%%%%
%  U
%%%%%%%%%%%%%%%%%%%%%%%%%%%%%%%%%%%%%%


%%%%%%%%%%%%%%%%%%%%%%%%%%%%%%%%%%%%%%
%  V
%%%%%%%%%%%%%%%%%%%%%%%%%%%%%%%%%%%%%%



%%%%%%%%%%%%%%%%%%%%%%%%%%%%%%%%%%%%%%
%  W
%%%%%%%%%%%%%%%%%%%%%%%%%%%%%%%%%%%%%%




%%%%%%%%%%%%%%%%%%%%%%%%%%%%%%%%%%%%%%
%  X
%%%%%%%%%%%%%%%%%%%%%%%%%%%%%%%%%%%%%%



%%%%%%%%%%%%%%%%%%%%%%%%%%%%%%%%%%%%%%
%  Y
%%%%%%%%%%%%%%%%%%%%%%%%%%%%%%%%%%%%%%




%%%%%%%%%%%%%%%%%%%%%%%%%%%%%%%%%%%%%%
%  Z
%%%%%%%%%%%%%%%%%%%%%%%%%%%%%%%%%%%%%%


@article{zhu:2023,
  author={Zhu, Jian and Zhao, Zhiyuan and Zheng, Xiaoran and An, Zhao and Guo, Qingwu and Li, Zhikai and Sun, Jianling and Guo, Yuanjun},
  journal={Energies},
  month={11},
  number={22},
  pages={7610},
  title={{Time-Series power forecasting for wind and solar energy based on the SL-Transformer}},
  volume={16},
  year={2023},
  doi={10.3390/en16227610},
  url={https://www.mdpi.com/1996-1073/16/22/7610},
  keywords={power forecasting, wind energy, solar energy, SL-Transformer, time series, machine learning}
}

