%%%%%%%%%%%%%%%%%%%%%%%%%%%
%
% $Autor: <Adhiraj Walse> $
% $Projext.: <Magic Wand using Arduino Nano 33 BLE Sense> $
%
%%%%%%%%%%%%%%%%%%%%%%%%%%%



%%%%%%%%%%%%%%%%%%%%%%%%%%%%%%%%%%%%%%
%  A
%%%%%%%%%%%%%%%%%%%%%%%%%%%%%%%%%%%%%%

@article{Aba:2023,
	title	=	{A Comprehensive Survey on {TinyML}},
	volume = {11},
	issn = {2169-3536},
	url = {https://ieeexplore.ieee.org/document/10177729/},
	doi = {10.1109/ACCESS.2023.3294111},
	pages = {96892--96922},
	journaltitle = {{IEEE} Access},
	shortjournal = {{IEEE} Access},
	author = {Abadade, Youssef and Temouden, Anas and Bamoumen, Hatim and Benamar, Nabil and Chtouki, Yousra and Hafid, Abdelhakim Senhaji},
	urldate = {2023-11-02},
	year = {2023},
}

@article{Ahm:2013,
	title = {Reviews on Various Inertial Measurement Unit ({IMU}) Sensor Applications},
	issn = {23154535},
	url = {http://www.ijsps.com/index.php?m=content&c=index&a=show&catid=32&id=65},
	doi = {10.12720/ijsps.1.2.256-262},
	pages = {256--262},
	journaltitle = {International Journal of Signal Processing Systems},
	shortjournal = {{IJSPS}},
	author = {Ahmad, Norhafizan and Ghazilla, Raja Ariffin Raja and Khairi, Nazirah M. and Kasi, Vijayabaskar},
	year = {2013},
}

@article{Al:2020,
	title={A Study on New Arduino Nano Board for WSN and IoT Applications},
	author={Al-Mimi, Hani and Al-Dahoud, Ali and Fezari, Mohamed and Daoud, Mohammad Sh},
	journal={International Journal of Advanced Science and Technology},
	volume={29},
	number={4},
	pages={10223--10230},
	year={2020}
	doi = 
}

@misc{Alk:2019,
	title = {GitHub - alkasm/magicwand: A {Python}+{OpenCV} implementation similar to {Adobe} {Photoshop}'s magic wand selection tool.},
	author = {, A.},
	howpublished = {https://github.com/alkasm/magicwand},
}

@online{Alu:2023,
	title = {Accessing Accelerometer Data on Nano 33 {BLE} Sense Arduino Documentation},
	url = {https://docs.arduino.cc/tutorials/nano-33-ble-sense/imu-accelerometer},
	abstract = {Learn how to measure the relative position of the Nano 33 {BLE} Sense through the {LSM}9DS1 {IMU} sensor.},
	author = {Alushi, Nefeli},
	Accessed date = {2023-12-08},
	year = {2023},
	
}

@article{Anh:2009,
	author = {Anh, Tran Nguyen Bao and Tan, Su-Lim},
	year = {2009-09},
	title = {Real-Time Operating Systems for Small Microcontrollers},
	volume = {29},
	url = {https://ieeexplore.ieee.org/document/5325154},
	doi = {10.1109/MM.2009.86},
	pages = {30--45},
	number = {5},
	journaltitle = {{IEEE} Micro},
}

@online{Ard:2019,
	author       = {{Arduino 2019}},
	year         = {2019},
	title        = {Datasheet},
	url          = {https://www.arduino.cc/en/Guide/Introduction},
	Accessed Date= {Accessed date 05.10.2023},
}


@online{Ard:2021,
	title = {Arduino Nano 33 BLE Sense Arduino Documentation},
	year = {2021},
	author = {Arduino, ed.},
	url = {https://docs.arduino.cc/hardware/nano-33-ble-sense},
	note = {The Arduino Nano 33 {BLE} Sense combines a tiny form factor, different environment sensors and the possibility to run {AI} using {TinyML} and {TensorFlow}™ Lite.},
	urldate = {2023-10-19},
}

@online{Ard:2023,
	title = {Arduino Nano 33 {BLE} Sense},
	titleaddon = {Arduino Online Shop},
	author = {Arduino},
	year = {2023},
	url = {https://store-usa.arduino.cc/products/arduino-nano-33-ble-sense},
	Accessed Date= {Accessed date 05.11.2023},
}

@article{Arduino:2015,
	title	=	{Arduino},
	author	=	{Arduino, Store Arduino},
	journal	=	{Arduino LLC},
	volume	=	{372},
	year	=	{2015}
}

@article{Ava:2015,
	title = {{APDS}-9960 Digital Proximity, Ambient Light, {RGB} and Gesture Sensor},
	journaltitle = {Avago Technologies},
	author = {{Avago Technologies}},
	date = {2015-11-13},
}


%%%%%%%%%%%%%%%%%%%%%%%%%%%%%%%%%%%%%%
%  B
%%%%%%%%%%%%%%%%%%%%%%%%%%%%%%%%%%%%%%

@online{Big:2021,
	title 	=	 {What is edge computing? Everything you need to know},
	author	=	 {{Bigelow, Stephen J.}},
	howpublished	=	 {\textcolor{blue}{\href{https://www.techtarget.com/searchdatacenter/definition/edge-computing}{Link: [https://www.techtarget.com]}}},
	url   =	 {https://www.techtarget.com/searchdatacenter/definition/edge-computing},
	note	=	 "\textcolor{blue}{Accessed date 26.02.2023}" ,
	year	=	 2021
}

@online{Bag:2023,
	title = {Connecting Nano 33 {BLE} Devices over Bluetooth® {\textbar} Arduino Documentation},
	author = {Bagur, José},
	url = {https://docs.arduino.cc/tutorials/nano-33-ble-sense/ble-device-to-device},
	abstract = {Learn about the history of Bluetooth®, how Bluetooth® Low Energy works and how to connect two Nano {BLE} devices over Bluetooth®.},
	Accessed date = {2023-11-04},
	date = {2023},
}

%%%%%%%%%%%%%%%%%%%%%%%%%%%%%%%%%%%%%%
%  C
%%%%%%%%%%%%%%%%%%%%%%%%%%%%%%%%%%%%%%


%%%%%%%%%%%%%%%%%%%%%%%%%%%%%%%%%%%%%%
%  D
%%%%%%%%%%%%%%%%%%%%%%%%%%%%%%%%%%%%%%

@misc{Daity:21,
	title = {AI {Magic} {Wand} with {TensorFlow} {Lite} for {Microcontrollers} and {Arduino}  \textbar{}  {Google} {Codelabs}},
	howpublished = {https://codelabs.developers.google.com/magicwand},
}

@misc{Dataprep:21,
    title = {Sending {Data} between two {Nano} 33 {BLE} {Senses} to make a magic wand},
	year = {2021},
	month = {nov 6},
	howpublished = {https://forum.arduino.cc/t/sending-data-between-two-nano-33-ble-senses-to-make-a-magic-wand/922375},
}

@inproceedings{David:2021,
	title = {TensorFlow Lite Micro: Embedded Machine Learning for TinyML Systems},
	author = {David, Robert and Duke, Jared and Jain, Advait and Janapa Reddi, Vijay and Jeffries, Nat and Li, Jian and Kreeger, Nick and Nappier, Ian and Natraj, Meghna and Wang, Tiezhen and Warden, Pete and Rhodes, Rocky},
	booktitle = {Proceedings of Machine Learning and Systems},
	editor = {A. Smola and A. Dimakis and I. Stoica},
	pages = {800--811},
	url = {https://proceedings.mlsys.org/paper_files/paper/2021/file/6c44dc73014d66ba49b28d483a8f8b0d-Paper.pdf},
	volume = {3},
	year = {2021}
	doi = 
}

@Article{Dep:2017,
	TITLE = {MEMS and FOG Technologies for Tactical and Navigation Grade Inertial Sensors—Recent Improvements and Comparison},
	AUTHOR = {Deppe, Olaf and Dorner, Georg and König, Stefan and Martin, Tim and Voigt, Sven and Zimmermann, Steffen},
	JOURNAL = {Sensors},
	VOLUME = {17},
	YEAR = {2017},
	NUMBER = {3},
	ARTICLE-NUMBER = {567},
	URL = {https://www.mdpi.com/1424-8220/17/3/567},
	PubMedID = {28287483},
	ISSN = {1424-8220},
	DOI = {10.3390/s17030567}
}

%%%%%%%%%%%%%%%%%%%%%%%%%%%%%%%%%%%%%%
%  E
%%%%%%%%%%%%%%%%%%%%%%%%%%%%%%%%%%%%%%

@online{Eme:2023,
	title = {Why do We Use the Arduino Programming Language? How is it Helpful?},
	author = {Emeritus},
	url = {https://emeritus.org/blog/coding-arduino-programming-language/},
	titleaddon = {Emeritus Online Courses},
	Accessed date = {2023-12-10},
	date = {2023-01-25},
}

%%%%%%%%%%%%%%%%%%%%%%%%%%%%%%%%%%%%%%
%  F
%%%%%%%%%%%%%%%%%%%%%%%%%%%%%%%%%%%%%%

@article{Fayyad:1996,
	title     =	 {The KDD process for extracting useful knowledge from volumes of data},
	author    =	 {Fayyad, Usama and Piatetsky-Shapiro, Gregory and Smyth, Padhraic},
	journal   =	 {Communications of the ACM},
	volume    =	 {39},
	number    =	 {11},
	pages     =	 {27--34},
	year      =	 {1996},
	publisher =	 {ACM New York, NY, USA}
}

@misc{Flow:2021,
	title = {Building a {TinyML} {Application} with {TF} {Micro} and {SensiML}},
	howpublished = {https://blog.tensorflow.org/2021/05/building-tinyml-application-with-tf-micro-and-sensiml.html},
}

@article{Fezari:2018,
	title	=	{Integrated development environment “IDE” for Arduino},
	author	=	{Fezari, Mohamed and Al Dahoud, Ali},
	journal	=	{WSN applications},
	pages	=	{1--12},
	year	=	{2018},
	publisher	=	{ResearchGate}
}

%%%%%%%%%%%%%%%%%%%%%%%%%%%%%%%%%%%%%%
%  G
%%%%%%%%%%%%%%%%%%%%%%%%%%%%%%%%%%%%%%

@article{Gold:2016,
	title={A tour of tensorflow},
	author={Goldsborough, Peter},
	journal={arXiv preprint arXiv:1610.01178},
	year={2016}
}

@article{Gu:2018,
	title   = 	{Recent Advances in Convolutional Neural Networks},
	author   = 	{Gu, Jiuxiang and Wang, Zhenhua and Kuen, Jason and Ma, Lianyang and Shahroudy, Amir and Shuai, Bing and Liu, Ting and Wang, Xingxing and Wang, Gang and Cai, Jianfei and others},
	journal	= 	{Pattern recognition},
	volume 	=	{77},
	pages 	=	{354--377},
	year 	=	 {2018},
	publisher	= 	{Elsevier},
	doi	= 	{10.1016/j.patcog.2017.10.013}
}

%%%%%%%%%%%%%%%%%%%%%%%%%%%%%%%%%%%%%%
%  H
%%%%%%%%%%%%%%%%%%%%%%%%%%%%%%%%%%%%%%

@article{Had:2020,
	title = {Edge-Computing Architectures for Internet of Things Applications: A Survey},
	author = {Hamdan, Salam and Ayyash, Moussa and Almajali, Sufyan},
	journal = {Sensors},
	volume = {20},
	number = {22},
	pages = {6441},
	year = {2020},
	doi = {10.3390/s20226441},
}

@misc{Haz:2021,
	title = {Edge {Computing} {Overview}: IoT {Processing} at the {Edge} \textbar{} {Hazelcast}},
	year = {2023},
	month = {sep 12},
	howpublished = {https://hazelcast.com/glossary/edge-computing/},
}

%%%%%%%%%%%%%%%%%%%%%%%%%%%%%%%%%%%%%%
%  I
%%%%%%%%%%%%%%%%%%%%%%%%%%%%%%%%%%%%%%

%%%%%%%%%%%%%%%%%%%%%%%%%%%%%%%%%%%%%%
%  J
%%%%%%%%%%%%%%%%%%%%%%%%%%%%%%%%%%%%%%

@misc{Jet:2023,
  title = {JetBrains PyCharm Learn},
  howpublished = {\url{https://www.jetbrains.com/pycharm/learn/}},
  note = {Accessed: [2023]},
}


%%%%%%%%%%%%%%%%%%%%%%%%%%%%%%%%%%%%%%
%  K
%%%%%%%%%%%%%%%%%%%%%%%%%%%%%%%%%%%%%%

@misc{Kha:2021,
	author = {Khandelwal, R.},
	year = {2021},
	month = {dec 14},
	title = {A {Basic} {Introduction} to {TensorFlow} {Lite} - {Towards} {Data} {Science}},
	howpublished = {https://towardsdatascience.com/a-basic-introduction-to-tensorflow-lite-59e480c57292},
}

@online{Kushner:2011,
	title = {The Making of Arduino - {IEEE} Spectrum},
	author = {Kushner, David},
	url = {https://spectrum.ieee.org/the-making-of-arduino},
	subtitle = {How five friends engineered a small circuit board that’s taking the DIY world by storm},
	year = {2011},
}

%%%%%%%%%%%%%%%%%%%%%%%%%%%%%%%%%%%%%%
%  L
%%%%%%%%%%%%%%%%%%%%%%%%%%%%%%%%%%%%%%

@mastersthesis{Laine:2022,
	title	=	{Bluetooth Low Energy data transfer in energy harvester system: Comparison of platforms and boards},
	author	=	{Laine, Roni},
	year	=	{2022}
}

@misc{Learn:2021,
	title = {Learn {PyCharm}},
	year = {2021},
	month = {jun 2},
	howpublished = {https://www.jetbrains.com/pycharm/learn/},
} 

@article{Li:2021,
	title     =	{A Survey of Convolutional Neural Networks: Analysis, Applications, and Prospects},
	author    =	 {Li, Zewen and Liu, Fan and Yang, Wenjie and Peng, Shouheng and Zhou, Jun},
	journal   =	 {IEEE transactions on neural networks and learning systems},
	year      =	{2021},
	publisher 	=	 {IEEE},
	doi	 =	{10.1109/TNNLS.2021.3084827}
}

%%%%%%%%%%%%%%%%%%%%%%%%%%%%%%%%%%%%%%
%  M
%%%%%%%%%%%%%%%%%%%%%%%%%%%%%%%%%%%%%%

@misc{Magicwand:2022,
	title = {Magic {Wand} {Gesture} {Recorder}},
	howpublished = {https://tinyml.seas.harvard.edu/magic\textunderscore{}wand/},
}

@inproceedings{Mard:2017,
	title	=	{Development of hand gesture recognition sensor based on accelerometer and gyroscope for controlling arm of underwater remotely operated robot},
	author	=	{Mardiyanto, Ronny and Utomo, Mochamad Fajar Rinaldi and Purwanto, Djoko and Suryoatmojo, Heri},
	booktitle	=	{2017 International Seminar on Intelligent Technology and Its Applications (ISITIA)},
	pages	=	{329--333},
	year	=	{2017},
	organization	=	{IEEE}
}

@article{Mcg:2011,
	title 	=	 {Miniaturized Wireless {IMU} Enables Low-Cost Baseball Pitching Training Aid},
	author 	= 	{McGinnis, Ryan and Perkins, Noel and King, Kevin},
	date 	=	 {2011-10-01},
	file	=	{Full Text PDF:C\:\\Users\\aman1\\Zotero\\storage\\VMWSW6E4\\McGinnis et al. - 2011 - Miniaturized Wireless IMU Enables Low-Cost Basebal.pdf:application/pdf},
}

@article{Mcg:2012,
	title 	= 	{A Highly Miniaturized, Wireless Inertial Measurement Unit for Characterizing the Dynamics of Pitched Baseballs and Softballs},
	author	 = 	{McGinnis, Ryan S. and Perkins, Noel C.},
	volume 	= 	{12},
	rights	 = 	{http://creativecommons.org/licenses/by/3.0/},
	issn 	= 	{1424-8220},
	url 	= 	{https://www.mdpi.com/1424-8220/12/9/11933},
	doi 	=	 {10.3390/s120911933},
	pages	 =	 {11933--11945},
	number	 = 	{9},
	journaltitle 	= 	{Sensors},
	Accesseddate = 	{2023-12-11},
	year 	= 	{2012},
	note	 = 	{Number: 9 Publisher: Molecular Diversity Preservation International},
	keywords	 = 	{baseball, inertial measurement unit, pitching, softball, training, wireless sensor},
}

@article{Munoz:2019,
	title	=	{Outlier detection in wearable sensor data for human activity recognition (HAR) based on DRNNs},
	author	=	{Munoz-Organero, Mario},
	journal	=	{IEEE Access},
	volume	=	{7},
	pages	=	{74422--74436},
	year	=	{2019},
	publisher	=	{IEEE}
}

%%%%%%%%%%%%%%%%%%%%%%%%%%%%%%%%%%%%%%
%  N
%%%%%%%%%%%%%%%%%%%%%%%%%%%%%%%%%%%%%%


%%%%%%%%%%%%%%%%%%%%%%%%%%%%%%%%%%%%%%
%  P
%%%%%%%%%%%%%%%%%%%%%%%%%%%%%%%%%%%%%%

@misc{Pico:2019,
	title = {Pico4ML {Magic} {Wand} {Example} {Update} with {BLE} {Enabled} - {Arducam} {Wiki}},
	howpublished = {https://docs.arducam.com/Arduino-SPI-camera/Legacy-SPI-camera/Pico/Arducam-Pico4ML-TinyML/Pico4ML-Magic-Wand/},
}

@misc{Pyt:2012,
	title = {3.12.1 {Documentation}},
	howpublished = {https://docs.python.org/3/},
}

@article{Python:2021,
	title	=	{Python},
	author	=	{Python, Why},
	journal	=	{Python Releases for Windows},
	publisher	=	{Citeseer},
	volume	=	{24},
	year	=	{2021}
}

%%%%%%%%%%%%%%%%%%%%%%%%%%%%%%%%%%%%%%
%  R
%%%%%%%%%%%%%%%%%%%%%%%%%%%%%%%%%%%%%%

@online{Raj:2019,
	title	=	{Arduino Nano 33 {BLE} Sense Review - What's New and How to Get Started?},
	author	=	{Raj, Aswinth},
	url	=	{https://circuitdigest.com/microcontroller-projects/arduino-nano-33-ble-sense-board-review-and-getting-started-guide},
	year	=	{2019},
	volume	=	{},
	number	=	{},
	pages	=	{},
}

%%%%%%%%%%%%%%%%%%%%%%%%%%%%%%%%%%%%%%
%  S
%%%%%%%%%%%%%%%%%%%%%%%%%%%%%%%%%%%%%%

@misc{Set:2023,
	title = {Get {Started} with {Arduino} {Nano} 33 {BLE}},
	year = {2023},
	month = {nov 3},
	howpublished = {https://www.okdo.com/getting-started/get-started-with-arduino-nano-33-ble/},
}

@article{Sakr:2020,
	title	=	{Machine Learning on Mainstream Microcontrollers},
	author	=	{Sakr, Fouad and Bellotti, Francesco and Berta, Riccardo and De Gloria, Alessandro},
	journal	=	{Sensors},
	volume	=	{20},
	number	=	{9},
	pages	=	{2638},
	year	=	{2020},
	doi	=	{10.3390/s20092638},
}

@Book{Sewak:2018,
 	title	=	{Practical Convolutional Neural Networks: Implement Advanced Deep Learning Models Using Python},
 	author	=	{Sewak, Mohit and Karim, Md Rezaul and Pujari, Pradeep},
 	year 	=	{2018},
 	publisher	=	{Packt Publishing Ltd},
 	ISBN	=	{9781788392303}
 }

@article{Shi:2016,
	title 	=	 {Edge Computing: Vision and Challenges},
	author 	= 	{Shi, Weisong and Cao, Jie and Zhang, Quan and Li, Youhuizi and Xu, Lanyu},
	journal	= 	{{IEEE} Internet of Things Journal},
	volume 	= 	{3},
	number 	=	{5},
	pages	 =	 {637--646},
	year 	=	 {2016},
	doi	=	{10.1109/JIOT.2016.2579198},
}

@book{Shukla:2018,
	title	=	{Machine learning with TensorFlow},
	author	=	{Shukla, Nishant and Fricklas, Kenneth},
	year	=	{2018},
	publisher	=	{Manning Greenwich}
}

@article{Stm:2015,
	title 	= 	{{LSM}9DS1 - {iNEMO} inertial module: 3D accelerometer, 3D gyroscope, 3D magnetometer},
	author 	=	 {{STMicroelectronics}},
	date 	=	 {2015},
	Publication 	=	 {STMicroelectronics},
}

@article{Stm:2017,
	title 	= 	{LPS22HB - {MEMS} nano pressure sensor: 260-1260 {hPa} absolute digital output barometer},
	author 	=	 {{STMicroelectronics}},
	date	 = 	{2017},
	Publication	=	{STMicroelectronics},
}

@misc{Stm:2021,
	title 	=	 {MP34DT05 - {MEMS} audio sensor omnidirectional digital microphone},
	author 	=	 {{STMicroelectronics}},
	publisher 	=	 {{STMicroelectronics}},
	date	 = 	{2021-06},
	file 	= 	{mp34dt05-a.pdf:C\:\\Users\\aman1\\Zotero\\storage\\LTBMLUN6\\mp34dt05-a.pdf:application/pdf},
}

@misc{Stm:2023,
	title 	= 	{HTS221 - Capacitive digital sensor for relative humidity and temperature},
	author 	= 	{{STMicroelectronics}},
	publisher 	= 	{{STMicroelectronics}},
	date 	= 	{2023-03},
	file 	= 	{hts221.pdf:C\:\\Users\\aman1\\Zotero\\storage\\VLXYD8DY\\hts221.pdf:application/pdf},
}

%%%%%%%%%%%%%%%%%%%%%%%%%%%%%%%%%%%%%%
%  T
%%%%%%%%%%%%%%%%%%%%%%%%%%%%%%%%%%%%%%

@misc{TensorFlow:2023,
	title = {TensorFlow {Lite} \textbar{} {ML} for {Mobile} and {Edge} {Devices}},
	howpublished = {https://www.tensorflow.org/lite},
}

%%%%%%%%%%%%%%%%%%%%%%%%%%%%%%%%%%%%%%
%  V
%%%%%%%%%%%%%%%%%%%%%%%%%%%%%%%%%%%%%%

@misc{Ver:2023,
	title	=	{3-Axis Accelerometer},
	author	=	{{Vernier Software \& Technology}},
	url	=	{https://www.inds.co.uk/files/education/manual/3-Axis_Accelerometer.pdf},
	publisher	=	{Vernier Software \& Technology},
	date	=	{2023},
	file	=	{3-Axis_Accelerometer.pdf:C\:\\Users\\aman1\\Zotero\\storage\\EVVMKW53\\3-Axis_Accelerometer.pdf:application/pdf},
}

%%%%%%%%%%%%%%%%%%%%%%%%%%%%%%%%%%%%%%
%  W
%%%%%%%%%%%%%%%%%%%%%%%%%%%%%%%%%%%%%%

@book{War:2020,
	title	=	{TinyML: Machine Learning with TensorFlow Lite on Arduino and Ultra-low-power Microcontrollers},
	author	=	{Warden, Pete and Situnayake, Daniel},
	year	=	{2020}
	isbn	=	{978-1-4920-5204-3},
	shorttitle	=	{{TinyML}},
	pagetotal	=	{484},
	publisher	=	{O'Reilly},
	note	=	{Google-Books-{ID}: {sB}3mxQEACAAJ},
}

@article{Wings:2022,
	title 	=	{Knowledge Discovery in Databases Process},
	author	=	{Wings, Elmar},
	year	=	{2022},
	volume	=	{2}
}

@book{Win:2023, 
	title	=	{Convolution Neural Networks for Image Analysis}, 
	author	=	{Wings, Elmar},  
	year	=	{2023}, 
	month	=	{November 15} 
}

@book{Wings:2023, 
	title	=	{Artificial Intelligence with an Arduino Nano 33 BLE Se Realtime Object Detection with the ArduCAM}, 
	shorttitle	=	{{Nano33BLESense}},
	author	=	{Wings, Elmar}, 
	Version	=	{1765} , 
	year	=	{2023}, 
	date	=	{October 4} 
}

%%%%%%%%%%%%%%%%%%%%%%%%%%%%%%%%%%%%%%
%  X
%%%%%%%%%%%%%%%%%%%%%%%%%%%%%%%%%%%%%%

@article{Xu:2022,
	title	=	{Gesture recognition using dual-stream CNN based on fusion of sEMG energy kernel phase portrait and IMU amplitude image},
	author	=	{Xu, Liukai and Zhang, Keqin and Yang, Genke and Chu, Jian},
	journal	=	{Biomedical Signal Processing and Control},
	publisher	=	{Elsevier},
	volume	=	{73},
	pages	=	{103364},
	year	=	{2022}
}

%%%%%%%%%%%%%%%%%%%%%%%%%%%%%%%%%%%%%%
%  Z
%%%%%%%%%%%%%%%%%%%%%%%%%%%%%%%%%%%%%%

@book{Zhu:2020,
	title	=	{Gyroscopes: Principles and Applications},
	author	=	{Zhuang, Xuye and Zhou, Lianqun},
	isbn	=	{978-1-78985-057-4},
	shorttitle	=	{Gyroscopes},
	pagetotal	= {114},
	publisher	= {{BoD} – Books on Demand},
	date	=	{2020-05-20},
	langid	=	{english},
	note	=	{Google-Books-{ID}: Yqf8DwAAQBAJ},
	keywords	=	{Science / Life Sciences / Horticulture, Technology \& Engineering / General},
}
